@misc{all3dp,
    author      = "All3DP",
    title       = "STL File Format: Everything You Need to Know",
    url         = "https://all3dp.com/1/stl-file-format-3d-printing/",
    year        = "2021",
    urldate = "2021-12-12"
}

@misc{sustainabilityofdigitalformats,
    title       = "STL (STereoLithography) File Format, Binary",
    url         = "https://www.loc.gov/preservation/digital/formats/fdd/fdd000505.shtml",
    year        = "2019",
    urldate = "2021-12-12"
}
@misc{fabbers,
    author      = "Marshall Burns, Ph.D.",
    title       = "The StL Format",
    url         = "http://www.fabbers.com/tech/STL_Format",
    year        = "1989",
    urldate = "2021-12-12"
}
@misc{sustainabilityofdigitalformatsply,
    title       = "Polygon File Format (PLY) Family",
    url         = "https://www.loc.gov/preservation/digital/formats/fdd/fdd000501.shtml",
    year        = "2019",
    urldate = "2021-12-17"
}
@misc{ply,
    author      = "Paul Bourke",
    title       = "PLY - Polygon File Format",
    url         = "http://paulbourke.net/dataformats/ply/",
    urldate = "2021-12-18"
}
@misc{mracnobodu,
    title       = "Výstupní data",
    url         = "https://www.3d-skenovani.cz/3d-skenovani/vystupni-data/",
    urldate = "2021-12-26"
}

@misc{pointcloud,
    author      = "TECH27 SYSTEMS",
    title       = "WHAT ARE POINT CLOUDS?",
    url         = "https://tech27.com/resources/point-clouds/",
    year        = "2018",
    urldate = "2021-12-26"
}

@article{ballpivot,
    author = {Bernardini, Fausto and Mittleman, J. and Rushmeier, Holly and Silva, Cláudio and Taubin, Gabriel},
    year = {1999},
    month = {11},
    pages = {349 - 359},
    title = {The Ball-Pivoting Algorithm for Surface Reconstruction},
    volume = {5},
    journal = {Visualization and Computer Graphics, IEEE Transactions on},
    doi = {10.1109/2945.817351}
}

@misc{marchingCubes,
    author      = "Matthew Fisher",
    title       = "Marching Cubes",
    year        = "2014",
    url         = "https://graphics.stanford.edu/~mdfisher/MarchingCubes.html",
    urldate = "2022-01-07"
}

@misc{mapovaniporostredi,

	AUTHOR = "MOHORKO, Martin",

	TITLE = "Mapování prostředí [online]",

	YEAR = "2015 [cit. 2022-01-09]",

	TYPE = "Bakalářská práce", 

	SCHOOL = "Vysoké učení technické v BrněBrno",

	SUPERVISOR = "", 

	URL = "Dostupné z WWW <https://theses.cz/id/18upkd/>",
}

@misc{triangulace1,
    title   = "What is Laser Triangulation?",
    url     = "https://www.movimed.com/knowledgebase/what-is-laser-triangulation/",
    year    = "2018",
    urldate = "2021-12-30"

}
@misc{triangulace2,
    author  = "Pavel Tišnovský",
    title   = "Triangulační metody",
    url     = "http://www.elektrorevue.cz/clanky/03013/kap_2.htm",
    year    = "2003",
    urldate = "2021-12-30"

}

@misc{tof,
    author = "ANALOG DEVICES",
    title = "3D IMAGING WITH ADI TIME OF FLIGHT TECHNOLOGY",
    url = "https://www.analog.com/en/applications/technology/3d-time-of-flight.html",
    urldate = "2021-12-30"
}

@misc{alicevision,
    author = "AliceVision",
    title = "PHOTOGRAMMETRY PIPELINE",
    url = "https://alicevision.org/",
    urldate = "2022-01-07"
}

@misc{naturalfeatureextraction,
    author = "AliceVision",
    title = "NATURAL FEATURE EXTRACTION",
    url = "https://alicevision.org/#photogrammetry/natural_feature_extraction",
    urldate = "2022-01-07"
}

@misc{imagematching,
    author = "AliceVision",
    title = "IMAGE MATCHING",
    url = "https://alicevision.org/#photogrammetry/image_matching",
    urldate = "2022-01-07"
}

@misc{featuresmatching,
    author = "AliceVision",
    title = "FEATURES MATCHING",
    url = "https://alicevision.org/#photogrammetry/feature_matching",
    urldate = "2022-01-07"
}

@misc{structurefrommotion,
    author = "AliceVision",
    title = "STRUCTURE FROM MOTION",
    url = "https://alicevision.org/#photogrammetry/sfm",
    urldate = "2022-01-08"
}

@misc{depthmapsestimation,
    author = "AliceVision",
    title = "DEPTH MAPS ESTIMATION",
    url = "https://alicevision.org/#photogrammetry/depth_maps_estimation",
    urldate = "2022-01-08"
}

@misc{meshing,
    author = "AliceVision",
    title = "MESHING",
    url = "https://alicevision.org/#photogrammetry/meshing",
    urldate = "2022-01-08"
}

@misc{texturing,
    author = "AliceVision",
    title = "TEXTURING",
    url = "https://alicevision.org/#photogrammetry/texturing",
    urldate = "2022-01-08"
}

@misc{lidarVStof,
    title = "ToF vs. LiDAR: What's the Difference?",
    url = "https://www.makeuseof.com/tof-and-lidar-difference/",
    author = {Johnatan Jaehnig},
    year = {2020},
    urldate = "2022-01-21"
}

@misc{lidarANDtof,
    title = "LIDAR and Time of Flight, Part 2: Operation",
    url = "https://www.microcontrollertips.com/lidar-and-time-of-flight-part-2-operation/",
    author = {Bill Schweber},
    year = {2019},
    urldate = "2022-01-21"
}


@Article{uvod_do_3d_skenovani,
  author    = {Milan Edl and Marek Mizer{\'{a}}k and Jozef Trojan},
  journal   = {Acta Simulatio},
  title     = {3D {LASER} {SCANNERS}: {HISTORY} {AND} {APPLICATIONS}},
  year      = {2018},
  month     = {dec},
  number    = {4},
  pages     = {1--5},
  volume    = {4},
  doi       = {10.22306/asim.v4i4.54},
  publisher = {4S go, s.r.o.},
}


% obrazky

@misc{pointCloudColor,
    author = "David Graves",
    url = "https://static.wixstatic.com/media/c4c9cb_8fa16e1b5f02496c9ddf7092b9064014~mv2.jpg/v1/fill/w_1000,h_541,al_c,q_90,usm_0.66_1.00_0.01/c4c9cb_8fa16e1b5f02496c9ddf7092b9064014~mv2.jpg",
    year = "2020",
    urldate = "2021-12-26"

}

@misc{pointCloudCup,
    author = "AUTODESK",
    url = "https://help.autodesk.com/cloudhelp/2018/ENU/Inventor-Help/images/GUID-3ED76DF0-998B-4311-8EC7-DB1A23CD256F.png",
    year = "2021",
    urldate = "2021-12-26"
}


@misc{marchingCubesCases,
    author = "Howard J. Hamilton",
    url = "https://www.researchgate.net/profile/Howard-Hamilton-2/publication/228454597/figure/fig2/AS:301996478353409@1449012979196/Look-up-table-for-the-Marching-Cubes-algorithm-13.png",
    urldate = "2022-01-07"
}

@misc{marchingCubesObr,
    author = "Christ Miller",
    url = "https://camo.githubusercontent.com/e11e91f885df4c840cceab02a5f9975d2a20e8328cbd79e89d58d077077900c8/68747470733a2f2f692e696d6775722e636f6d2f497362497638692e706e67",
    year = "2019",
    urldate = "2022-01-07"
}

@misc{firstScanning,
    author = "Mostafa A-B Ebrahim",
    url = "https://www.researchgate.net/profile/Mostafa-Ebrahim-3/publication/267037683/figure/fig3/AS:669073167888397@1536530882154/Manually-operated-arm-and-strip-3D-scanner.ppm",
    year = 2014,
    urldate = "2022-01-22"
}

@misc{trinangulaceOBR,
    url     = "https://www.movimed.com/wp-content/uploads/2018/02/02_Laser_Triangulation_explained.png",
    year    = "2018",
    urldate = "2021-12-30"

}

@misc{meshroomSoftware,
    author = "AliceVision",
    url = "https://alicevision.org/img/meshroom/buddha_dataset.png",
    urldate = "2022-01-10"

}

@misc{zapojeni,
    url = "https://www.makerguides.com/l298n-stepper-motor-arduino-tutorial/",
    urldate = "2022-01-30"
}

@misc{mechanickySkener,
    url = "https://gomeasure3d.com/wp-content/uploads/2015/05/microscribe-in-action.jpg",
    urldate="2021-12-2812"
}

